<?xml version="1.0" encoding="UTF-8"?><record xmlns="http://www.loc.gov/MARC21/slim" xmlns:cinclude="http://apache.org/cocoon/include/1.0" xmlns:zs="http://www.loc.gov/zing/srw/">
  <leader>00424nz  a2200133n  4500</leader>
  <controlfield tag="001">n  85048637 </controlfield>
  <controlfield tag="003">DLC</controlfield>
  <controlfield tag="005">19850424000000.0</controlfield>
  <controlfield tag="008">850318n| acannaab|          |a aaa |||  </controlfield>
  <datafield tag="010" ind1=" " ind2=" ">
    <subfield code="a">n  85048637 </subfield>
  </datafield>
  <datafield tag="040" ind1=" " ind2=" ">
    <subfield code="a">DLC</subfield>
    <subfield code="c">DLC</subfield>
  </datafield>
  <datafield tag="100" ind1="1" ind2="0">
    <subfield code="a">Luneva, M. I.</subfield>
    <subfield code="q">(Margarita Ivanovna)</subfield>
  </datafield>
  <datafield tag="400" ind1="1" ind2="0">
    <subfield code="a">Luneva, Margarita Ivanovna</subfield>
  </datafield>
  <datafield tag="670" ind1=" " ind2=" ">
    <subfield code="a">VoronezhskiiĚ obl. muzeiĚ izobr. isk., 1984:</subfield>
    <subfield code="b">verso t.p. (M.I. Luneva) colophon (Margarita Ivanovna Luneva)</subfield>
  </datafield>
</record>